% This file was created with JabRef 2.7b.
% Encoding: UTF-8

@INPROCEEDINGS{ScottEtsJudy,
  author = {Scott, Lystig Fritchie},
  title = {{A Study of Erlang ETS Table Implementations and Performance}},
  booktitle = {Proceedings of the 2003 ACM SIGPLAN Workshop on Erlang},
  year = {2003},
  pages = {43-55},
  month = {August},
  publisher = {ACM},
  owner = {kjell},
  timestamp = {2012.09.21}
}

@INPROCEEDINGS{PatrikErlangTrans,
  author = {Patrik Nyblom},
  title = {{Erlang ETS tables and software transactional memory: how transactions
	make ETS tables more like ordinary actors}},
  booktitle = {Proceedings of the 2011 ACM SIGPLAN Workshop on Erlang},
  year = {2011},
  pages = {2-13},
  publisher = {ACM},
  owner = {kjell},
  timestamp = {2012.09.21}
}

@article{Larson,
 author = {Larson, Per-Ake},
 title = {Dynamic hash tables},
 journal = {Commun. ACM},
 issue_date = {April 1988},
 volume = {31},
 number = {4},
 month = apr,
 year = {1988},
 issn = {0001-0782},
 pages = {446--457},
 numpages = {12},
 url = {http://doi.acm.org/10.1145/42404.42410},
 doi = {10.1145/42404.42410},
 acmid = {42410},
 publisher = {ACM},
 address = {New York, NY, USA},
}


@INPROCEEDINGS{BronsonPracTree,
    author = {Nathan Grasso Bronson and Jared Casper and Hassan Chafi and Kunle Olukotun},
    title = {A practical concurrent binary search tree},
    booktitle = {in Proceedings of the 15th ACM SIGPLAN Symposium on Principals and Practice of Parallel Programming},
    year = {2010}
}



@inproceedings{ProkopecCTrie,
  author    = {Aleksandar Prokopec and
               Nathan Grasso Bronson and
               Phil Bagwell and
               Martin Odersky},
  title     = {Concurrent tries with efficient non-blocking snapshots},
  booktitle = {PPOPP},
  year      = {2012},
  pages     = {151-160},
  ee        = {http://doi.acm.org/10.1145/2145816.2145836},
  crossref  = {DBLP:conf/ppopp/2012},
  bibsource = {DBLP, http://dblp.uni-trier.de}
}
@proceedings{DBLP:conf/ppopp/2012,
  editor    = {J. Ramanujam and
               P. Sadayappan},
  title     = {Proceedings of the 17th ACM SIGPLAN Symposium on Principles
               and Practice of Parallel Programming, PPOPP 2012, New Orleans,
               LA, USA, February 25-29, 2012},
  booktitle = {PPOPP},
  publisher = {ACM},
  year      = {2012},
  isbn      = {978-1-4503-1160-1},
  ee        = {http://dl.acm.org/citation.cfm?id=2145816},
  bibsource = {DBLP, http://dblp.uni-trier.de}
}